<bibtex>

@misc{tv2,
author       = {Kalleklev, Helge}, 
title            = {{Så store er egentlig scoringssjansene i Premier League}},
year             = {2017},
howpublished         = {URL: \url{http://www.tv2.no/a/9438231/}},
note = {{Accessed 29.10.2017}},
}

@misc{skysports,
author    = {Bate, Adam and Campell, Rory}, 
title         = {{Expected goals explained: The analysis that is changing the game}},
year  = {2017},
howpublished = {URL: \url{http://www.skysports.com/football/news/11661/10907419/expected-goals-explained-the-analysis-that-is-changing-the-game}},
 note = {{Accessed 01.11.2017}},
}
@misc{fantasysports,
author    = {Fantasy Sports Trade Association}, 
title         = {{Press Release: Fantasy Sports now a \$ 7 billion industry}},
year  = {2017},
howpublished = {URL: \url{https://fsta.org/press-release-fantasy-sports-now-a-7-billion-industry/}},
 note = {{Accessed 02.10.2017}},
}

@misc{samgreen,
author    = {Green, Sam}, 
title  = {{BLOG: Assessing the performance of Premier League goalscorers}},
year  = {2012},
howpublished = {URL: \url{http://www.optasportspro.com/about/optapro-blog/posts/2012/blog-assessing-the-performance-of-premier-league-goalscorers/}},
note = {{Accessed 01.11.2017}},
}

@misc{goal_time_analysis,
author    = {Bohrmann, Ford}, 
title  = {{Goal Time Analysis}},
year  = {2013},
howpublished = {URL: \url{http://www.soccerstatistically.com/blog/2013/7/15/goal-time-analysis.html/}},
note = {{Accessed 4.12.2017}},
}
@article{macdonald,
author    = {Macdonald,Brian }, 
title         = {An Expected Goals Models for Evaluating NHL Teams and Players},
year  = {2012},
journal = {MIT Sloan Sports Analytics Conference},
}

@article{lucey,
author    = {Lucey,Patrick and Bialkowski,Alina and Monfort,Mathew and Carr,Peter  and Matthews, Iain}, 
title = {{“Quality vs Quantity”: Improved Shot Prediction in Soccer using
Strategic Features from Spatiotemporal Data}},
year  = {2015},
journal = {MIT Sloan Sports Analytics Conference},
}
@article{drafting_hockey_pools,
author    = {Summers, Amy E. and Swartz,Tim B. and Lockhart, Richard A.}, 
title = {{Optimal Drafting in Hockey Pools}},
year  = {2005},
journal = {Department of Mathematics \& Statistics working paper},
}

@mastersthesis{vabo,
author     = { Bjertnes, Vegard R. and N{\o}rsteb\o, Olav and
Vabo, Eirik}, 
title          = {{Valuing Individual Player Involvements in
Norwegian Association Football}},
school = { Norwegian University of Science and
Technology},
year = {2016},
}

@misc{michaelcaley1,
author    = {Caley, Michael}, 
title         = {{Let's talk about expected goals}},
year  = {2015},
howpublished = {URL: \url{https://cartilagefreecaptain.sbnation.com/2015/4/10/8381071/football-statistics-expected-goals-michael-caley-deadspin}},
note = {{Accessed 29.10.2017}},
}

@misc{mackay1,
author    = {Mackay, Nils}, 
title         = {{How NOT to evaluate your xG model}},
year  = {2016},
howpublished = {URL: \url{http://mackayanalytics.nl/2016/03/14/how-not-to-evaluate-your-xg-model/}},
note = {{Accessed 29.10.2017}},
}

@misc{mackay2,
author    = {Mackay, Nils}, 
title         = {{How good are our xG models?}},
year  = {2016},
howpublished = {URL: \url{http://mackayanalytics.nl/2016/03/28/how-good-are-our-xg-models/}},
note = {{Accessed 16.10.2017}},
}


@misc{michaelcaley2,
author    = {Caley, Michael}, 
title         = {{Premier League Projections and New Expected Goals}},
year  = {2015},
howpublished = {URL: \url{https://cartilagefreecaptain.sbnation.com/2015/10/19/9295905/premier-league-projections-and-new-expected-goals}},
note = {{Accessed 28.10.2017}},
}

@inproceedings{Matthews,
 author = {Matthews, Tim and Ramchurn, Sarvapali D. and Chalkiadakis, Georgios},
 title = {{Competing with Humans at Fantasy Football: Team Formation in Large Partially-observable Domains}},
 booktitle = {Proceedings of the Twenty-Sixth AAAI Conference on Artificial Intelligence},
 series = {AAAI'12},
 year = {2012},
 location = {Toronto, Ontario, Canada},
 pages = {1394--1400},
 numpages = {7},
 url = {http://dl.acm.org/citation.cfm?id=2900728.2900925},
 acmid = {2900925},
 publisher = {AAAI Press},
} 


@mastersthesis{King,
author    = {King, Nicholas A.}, 
title         = {{Predicting a Quarterback's Fantasy Football Point Output for Daily Fantasy Sports using Statistical Models}},
school = {The University of Texas at Arlington},
year  = {2017},
}

@article{Dixon,
author    = {Dixon, Mark J.  and Coles, Stuart G.}, 
title         = {{Modelling Association Football Scores and Inefficiencies in the Football Betting Market}},
year  = {1997},
volume = {46},
pages = {265-280},
journal = {Applied Statistics},
}

@book{Moroney,
author    = {Moroney, M.J.}, 
title         = {{Facts from figures}},
publisher = {Pelican},
year  = {1951},
}

@book{ISLR,
author    = {Gareth, J. and Witten, D. and Hastie, T. and 
Tibshirani, R.}, 
title         = {{An Introduction to
Statistical Learning, 8th printing}},
publisher = {Springer},
year  = {2017},
}

@article{Reep,
author    = {Reep, C. and Benjamin, B.}, 
title         = {{Skill and chance in association football}},
year  = {1968},
pages = {581-585},
journal = {Applied Statistics},
}

@misc{Maher,
author    = {Maher, M.J.}, 
title         = {{Modelling Football Association Scores}},
year  = {1982},
}

@article{Fry,
author    = {Fry,Michael J. and Lundberg, Andrew W.  and Ohlmann, Jeffrey W.  }, 
title         = {{A Player Selection Heuristic for a Sports League Draft}},
year  = {2007},
journal = {Journal of Quantitative Analysis in Sports},
}

@article{Becker,
author    = {Becker, Adrian and Sun, Xu Andy}, 
title         = {{An analytical approach for fantasy football draft and lineup management}},
year  = {2016},
volume = {12},
pages = {17-30},
journal = {Journal of Quantitative Analysis in Sports},
}

@article{Gibson,
author    = {Gibson,Matthew R. and Fry, Michael J.  and Ohlmann, Jeffrey W.}, 
title         = {{An agent-based stochastic ruler approach for a stochastic knapsack problem with sequential competition}},
year  = {2007},
journal = {Computers and Operations Research},
volume = {37},
issue = {3}, 
pages = {598-609}, 
}

@book{Speranza,
author     = {Mansini, Renata and Ogryczak, Włodzimierz and Speranza, M. Grazia}, 
title          = {{Linear and Mixed Integer Programming for Portfolio Optimization}},
publisher = {Springer International Publishing},
year = {2015},
ISBN = {978-3-319-18481-4},
}

@article{Markowitz,
author    = {Markowitz, Harry Max}, 
title         = {{Portfolio selection}},
year  = {1952},
journal = {The Journal of Finance},
volume = {7}, 
pages = {77-91},
}

@book{Zenios,
author = {Zenios, Stavros A.}, 
title  = {{Practical Financial Optimization}},
publisher = {The Wharton Financial Institutions Center},
type = {Lecture book},
year = {2005},
}

@book{Walpole,
author     = { Walpole, Ronald E. and Myers, Raymond H. and Myers, Sharon L and Ye, Keying E.}, 
title          = {{Probability \& Statistics for Engineers \& Scientists, 7th edition}},
publisher = {Prentice Hall},
type = {Lecture book},
year = {2002},
}

@book{Carol_1,
  author    = {Alexander, C.}, 
  title     = {{Market Risk Analysis Volume 1}},
  publisher = {John Wiley \& Sons},
  year      = {2008},
  edition   = {1}
}


@misc{TradingTechnologies,
author    = {\text{Trading Technologies Internationals}}, 
title         = {{Weighted Moving Average (WMA)}},
year  = {2017},
}
howpublished = {URL: \url{https://www.tradingtechnologies.com/help/x-study/technical-indicator-definitions/weighted-moving-average-wma/}},
note = {{Accessed 14.12.2017}},
}

@book{Hyndman,
author    = {Hyndman, Rob J. and Athanasopoulos, G.}, 
title         = {{Forecasting: Principles and Practice}},
publisher = {Monash University, Australia},
year  = {2018},
}

@misc{Glover,
author    = {Chris Glover}, 
title         = {{Data visualizations for the 2017-18 Premier League fantasy footbal season}},
year  = {2017},
howpublished = {URL: \url{http://www.plfantasy.com/}},
note = {{Accessed 12.10.2017}},
}

@article{Coleman,
author    = {Coleman, Jay B.}, 
title         = {{Identifying the "Players" in Sports Analytics Research}},
year  = {2012},
journal = {Interfaces},
pages = {109-118}, 
volume = {42},
}


@article{Mathsports,
  author =       {Goossens, D. and Beli\"an, J. and Van Reeth, D. },
  title = {Optimization modelling for analyzing fantasy sport games}, 
  year = {2017},
  journal = {Information Systems and Operational Research},
  pages = {275-294},
  volume = {55},
}

@misc{Purdum,
author    = {Purdum, David}, 
title         = {{Future of sports betting: fantasy sports}},
year  = {2017},
howpublished = {URL: \url{http://www.espn.com/chalk/story/_/id/19309213/chalk-why-fantasy-sports-sports-betting-collision-course-us}},
note = {{Accessed 14.03.2018}},
}

@article{Smith,
author    = {Smith, Bryan and Sharma, Priya and Hooper, Paula}, 
title         = {{Decision making in online fantasy sports communities}},
year  = {2006},
journal = {Interactive Technology and Smart Education},
pages = {347-360},
volume = {4},
}

@article{Yang,
author    = {Yang, Yuanhao }, 
title         = {Predicting Regular Season Results of NBA Teams Based on Regression Analysis of Common Basketball Statistics},
year  = {2015},
journal = {University of California at Berkeley},
}

@article{Bonomo,
author    = {Bonomo, F and Dur\'an, G and Marenco, J}, 
title         = {Mathematical programming as a tool for virtual soccercoaches: a case study of a fantasy sport game},
year  = {2014},
journal = {International Transactions in Operational Research},
pages = {399-414},
volume = {21},
}


@article{Rue,
author    = {Rue, H{\aa}vard and Salvesen, {\O}yvind}, 
title         = {Prediction and retrospective analysis of soccer
matches in a league},
year  = {2000},
journal = {Norwegian University of Science and Technology},
}

@book{Elo,
author     = {Elo, A.E.}, 
title          = {{The rating of chessplayers, past and present}},
publisher = {Arco Publishing},
type = {Lecture book},
year = {1978},
}

@article{Hvattum,
author    = {Hvattum, L.M and Arntzen,H}, 
title         = {Using ELO ratings for match result prediction in association
football},
year  = {2009},
journal = {Norwegian University of Science and Technology},
}

@article{Nevill,
author    = {Nevill, A.M and Holder, R.L}, 
title         = {Home Advantage in Sport},
year  = {1999},
journal = {Sports Medicine},
}

@article{Pollard,
author    = {Pollard, R and Pollard, G}, 
title         = {Long-term trends in home advantage in professional team sports in North-America and England},
year  = {2005},
journal = {Journal of Sports Sciences},
pages = {1876-2003}
}

@inproceedings{Dailyfantasysports,
 author = {Newell, Sarah and Easton, Todd},
 title = {{Optimizing Tiered Daily fantasy sports -- Mathematically Modeling DraftKings® NFL Millionaire Maker Tournament}},
 booktitle = {Proceedings of the Industrial and Systems Engineering Conference},
 year = {2017},
 pages = {289-294}
} 

@article{Clarke,
author    = {Clarke, S.R and Norman, J.M}, 
title = {{Home Ground Advantage of Individual Clubs in English Soccer}},
year  = {1995},
journal = {Journal of the Royal Statistical Society. Series D (The Statistician)},
volume = {44},
issue = {4},
pages = {509-521}
}

@article{Bell,
author    = {Bell, S.T}, 
title = {Deep-Level Composition Variables as Predictors of Team Performance: A Meta-Analysis},
year  = {2007},
journal = {Journal of Applied Psychology},
volume = {92},
issue = {3},
pages = {595-615}
}

@article{Jabali,
author    ={Jabali, O and Gendreau, M and Laporte, G},
title = {A continuous approximation model for the fleet composition problem},
year  = {2012},
journal = {Transportation Research Part B: Methodological},
volume = {46},
issue = {10},
pages = {1591-1606}
}

@article{Davis,
author ={Davis, P.R and Richards, A.C and Ollerton, J.E},
title = {Determining the composition and benefit of the pre-hospital medical response team in the conflict setting},
year  = {2007},
journal = {Journey of the Royal Army Medical Corps},
volume = {153},
issue = {4},
pages = {269-273}
}

@article{Hvattum_2015,
author    ={S{\ae}b{\o}, O.D and Hvattum, L.M}, 
title = {Evaluating the efficiency of the association football transfer
market using regression based player ratings},
year  = {2015},
journal = {Norsk Informatikkonferanse},
}

@article{Hvattum_2017,
author    ={S{\ae}b{\o}, O.D and Hvattum, L.M}, 
title = {Modelling the financial contribution of soccer players to their clubs},
year  = {2017},
journal = {Journal of Sports Analytics xx (20xx) x–xx},
}

@article{Leitner,
author    ={Leitner, C and Zeileis, A and Hornik, K}, 
title = {Forecasting sports tournaments by ratings of
(prob)abilities: A comparison for the EURO 2008},
year  = {2010},
journal = {International Journal of Forecasting},
volume = {26},
issue = {3},
pages = {471-481}
}

@misc{FIFA,
author    = {FIFA}, 
title         = {{Men's Ranking Procedure}},
year  = {2012},
howpublished = {URL: \url{http://www.fifa.com/fifa-world-ranking/procedure/men.html}},
note = {{Accessed 15.05.2018}},
}

@misc{laerd,
author    = {Lund, A and Lund, M}, 
title         = {{Pearson Product-Moment Correlation}},
year  = {2017},
howpublished = {URL: \url{https://statistics.laerd.com/statistical-guides/pearson-correlation-coefficient-statistical-guide.php}},
note = {{Accessed 22.05.2018}},
}

@article{Boon,
author    ={Boon, B.H and Sierksma, G}, 
title = {Team formation: Matching quality supply and quality demand},
year  = {2003},
journal = {European Journal of Operational Research},
volume = {148},
issue = {2},
pages = {277-292}
}

@article{Trninic,
author    ={Trnini\'c, S and Papi\'c, V and Trnini\'c, V and Vuki{\v c}evi\'c, D}, 
title = {Player Selection Procedures in Sports Games},
year  = {2008},
journal = {Acta Kinesiologica},
volume = {2},
issue = {1},
pages = {24-28}
}

@article{Tavana,
author    ={Tavana, M and Azizi, F and Azizi, F and Behzadian, M}, 
title = {A Fuzzy Inference System with Application to Player Selection and Team Formation in Multi-player Sports},
year  = {2013},
journal = {Sport Management Review},
volume = {16},
pages = {97-110}
}

@article{hot_hand,
author    ={Bar-Eli, M and Avugos, S and Raab, M}, 
title = {Twenty years of ''hot hand'' research: Review and critique},
year  = {2006},
journal = {Psychology of Sport and Exercise},
volume = {7},
pages = {525-553}
}



@article{hot_hand_2,
author    ={Tversky, A and Gilovich, T}, 
title = {The Cold Facts about the “Hot Hand” in Basketball},
year  = {1989},
journal = {Psychology of Sport and Exercise},
volume = {2},
issue = {1},
pages = {16-21}
}

@article{ozceylan,
author    ={Ozceylan, E}, 
title = {A Mathematical Model Using AHP Priorities for Soccer Player Selection: A Case Study},
year  = {2016},
journal = {South African Journal of Industrial Engineering},
volume = {27},
issue = {2},
pages = {190-205}
}

@article{Pantuso,
author    ={Pantuso, G}, 
title = {The Football Team Composition Problem: A Stochastic Programming Approach},
year  = {2017},
journal = {Journal of Quantitative Analysis in Sports},
volume = {13}, 
issue = {3},
pages = {113-129}
}

@misc{Skysports_Kante,
author    = {Skysports}, 
title         = {{Chelsea's N'Golo Kante wins PFA Players' Player of the Year award}},
year  = {2017},
howpublished = {URL: \url{http://www.skysports.com/football/news/11095/10848240/chelsea8217s-ngolo-kante-wins-pfa-players-player-of-the-year-awardl}},
note = {{Accessed 16.05.2018}},
}

@article{Chand,
author    ={Chand, S and McClurg, T and Warda, J}, 
title = {A model for parallel machine replacement with capacity expansion},
year  = {2000},
journal = {European Journal of Operational Research},
volume = {21},
issue = {3},
pages = {519-531}
}

@article{Rajagopalan,
author    ={Rajagopalan, S and Soteriou, A. C}, 
title = {Capacity Acquisition and Disposal with Discrete Facility Sizes},
year  = {1994},
journal = {Management Science},
volume = {40}, 
pages = {903-917}
}


@article{Adkins,
author    ={Adkins, R and Paxson, D}, 
title = {Deterministic Models for Premature and Postponed Replacement},
year  = {2013},
journal = {Omega},
volume = {41},
pages = {1008-1019}
}

@article{Hopp,
author    ={Hopp, W and Nair, S.K}, 
title = {Markovian Deterioration and Technological Change},
year  = {1994},
journal = {IIE Transactions},
volume = {26},
pages = {74-82}
}

@article{Kleywegt,
author    ={Kleywegt, A. J and Papastavrou, J.D}, 
title = {The Dynamic and Stochastic Knapsack Problem},
year  = {1998},
journal = {Operations Research},
volume = {46},
pages = {17-35}
}

@article{Kirshner,
author    ={Kirshner, S}, 
title = {Optimizing an NBA Team's Approach to Free
Agency Using a Multiple-Choice Knapsack Model},
year  = {2011},
journal = {MIT Sloan Sports Analytics Conference},
}

@article{Bruecker,
author    ={Bruecker, P. D and den Bergh, J.V and Belien, J and Demeulemeester, E}, 
title = {Workforce planning incorporating skills: State of the art},
year  = {2015},
journal = {European Journal of Operational Research},
volume = {243},
pages = {1-16}
}

@article{Komarudin,
author    ={Komarudin, D and Guerry, M.-A and Feyter, T.D and Vanden Berghe, G}, 
title = {The Roster Quality Staffing Problem – A Methodology
for Improving the Roster Quality by Modifying the Personnel
Structure},
year  = {2013},
journal = {European Journal of Operational Research},
volume = {230},
pages = {551-562}
}

@article{Chang,
author    ={Chang, T.-J and Meade, N and Beasley, J and Sharaiha, Y}, 
title = {Heuristics for Cardinality Constrained Portfolio Optimisation},
year  = {2000},
journal = {Computers \& Operations Research},
volume = {27},
pages = {1271-1302}
}

@article{Constantinou,
author    ={Constantinou, A.C and Fenton, N.E}, 
title = {Determining the level of ability of football teams by dynamic ratings based on the relative discrepancies in scores between adversaries},
year  = {2012},
journal = {Journal of Quantitative Analysis in Sports},
volume = {9}, 
issue = {1}, 
pages = {37-50},
}

@misc{Shapiro,
author = {Shapiro, Alexander and Philpott, A},
year = {2007},
title = {A tutorial on stochastic programming}
}

@article{Kendall,
author = {Kendall, Graham and Knust, Sigrid and Ribeiro, Celco C. and Urrutia, Sebastián},
year = {2010},
title = {Scheduling in sports: An annotated bibliography},
journal = {Computers \& Operations Research},
pages = {1-19},
volume = {37},
issue = {1},
}

@article{scheduling_english_football,
author = {Kendall, Graham},
year = {2008},
title = {Scheduling English football fixtures over holiday
periods},
journal = {Journal of the Operational Research Society},
pages = {743-755},
volume = {59},
}

@article{Trick,
author = {Trick, Michael A. and Yildiz, Hakan and Yunes, Tallys},
year = {2012},
title = {Scheduling Major League Baseball umpires and the traveling umpire problem},
journal = {Interfaces},
pages = {232-244},
volume = {42},
issue = {3}
}

@article{Ribeiro,
author = {Ribeiro, Celso C. and Urrutia, Sebasti\'an},
year = {2012},
title = {Scheduling the Brazilian soccer tournament: Solution approach and practice},
journal = {Interfaces},
pages = {260-272},
volume = {42},
issue = {3}
}

@article{Duran,
author = {Dur\'an,Guillermo and Guajardo, Mario and Wolf-Yadlin, Rodrigo},
year = {2012},
title = {Operations research techniques for scheduling Chile’s second division soccer league},
journal = {Interfaces},
pages = {273-285},
volume = {42},
issue = {3}
}

@article{arg_volleyball,
author = {Bonomo, F and Cardemil, A and Dur\'an, G and Marenco, J and Sab\'an, D},
year = {2012},
title = {An application of the traveling tournament problem: The Argentine volleyball league},
journal = {Interfaces},
pages = {245-259},
volume = {42},
issue = {3}
}

@article{Wright,
author = {Wright, M},
year = {2006},
title = {Scheduling fixtures for basketball New Zealand},
journal = {Computers \& Operations Research},
pages = {1875-93},
volume = {33},
}

@article{van_Voorhis,
author = {van Voorhis, T},
year = {2002},
title = {Highly constrained college basket- ball scheduling},
journal = {Journal of the Operational Research Society},
pages = {603-609},
volume = {53},
}

@article{Henz,
author = {Henz, M},
year = {2001},
title = {Scheduling a major college basketball conference— revisited},
journal = {Operations Research},
pages = {163-168},
volume = {49},
issue = {1},
}

@article{Kostuk,
author = {Kostuk, KJ and Willoughby, KA},
year = {2012},
title = {A decision support system for scheduling the Canadian Football League},
journal = {Interfaces},
pages = {286-295},
volume = {42},
issue = {3},
}


@article{Saur,
author = {Saur, Marjorie Cone and Starr, Kaleigh and Husted, Mark and Newman, Alexandra M.},
year = {2012},
title = {Scheduling soft- ball series in the Rocky Mountain Athletic Conference},
journal = {Interfaces},
pages = {296-309},
volume = {42},
issue = {3},
}

@article{Bartsch,
author = {Bartsch, T and Drexl, A and Kr\'oger, S},
year = {2006},
title = {Scheduling the professional soccer leagues of Austria and Germany},
journal = {Computers \& Operations Research},
pages = {1907-37},
volume = {33},
}

@article{Della,
author = {Della, F Croce and Oliveri, D },
year = {2006},
title = {Scheduling the professional soccer leagues of Austria and Germany},
journal = {Computers \& Operations Research},
pages = {1907-37},
volume = {33},
}

@article{Guajardo,
author = {Dur\'an, G and Guajardo, M and Miranda, J and Saur\'e, D and Souyris, S  and Weintraub, A and Wolf, Rodrigo},
year = {2007},
title = {Scheduling the Chilean soccer league by integer programming},
journal = {Interfaces},
pages = {539-52},
volume = {37},
}

@article{Goossens,
author = {Goossens, D and Spieksma, F},
year = {2009},
title = {Scheduling the Belgian soccer leagues},
journal = {Interfaces},
pages = {109-18},
volume = {39},
}

@article{Rasmussen,
author = {Rasmussen, Rasmus V.},
year = {2008},
title = {Scheduling a triple round robin tournament for the best Danish soccer league},
journal = {European Journal of Operational Research},
pages = {795-810},
volume = {185},
}

@article{Knust,
author = {Knust, S},
year = {2010},
title = {Scheduling  non-professional table-tennis leagues},
journal = {European Journal of Operational Research},
pages = {358-367},
volume = {200},
issue = {2}
}

@article{Mattfeld,
author = {Sch\"onberger, J and Mattfeld, DC and Kopfer, H},
year = {2004},
title = {Memetic algorithm timetabling for non-commercial sport leagues},
journal = {European Journal of Operational Research},
pages = {102-16},
volume = {153}
}

@article{Mwright,
author = {Wright, M},
year = {2005},
title = {Scheduling fixtures for New Zealand cricket},
journal = {IMA Journal of Management Mathematics},
pages = {99-112},
volume = {16}
}

@article{Sharpe,
author = {Sharpe, William F.},
year = {1994},
title = {The Sharpe Ratio},
journal = {Journal of Portfolio Management},
pages = {49-58},
volume = {21},
issue = {1}
}

@article{Bruss,
author = {Bruss, Franz Thomas},
year = {1984},
title = {A unified Approach to a Class of Best Choice problems with an Unknown Number of Options},
journal = {Annals of Probability},
pages = {882-891},
volume = {12},
issue = {3}
}

@article{Lindley,
author = {Lindley, D.V.},
year = {1961},
title = {Dynamic Programming and Decision Theory},
journal = {Applied Statistics},
pages = {39-51},
volume = {10},
issue = {1}
}

@article{Gupta,
author = {Kristiansen, B. K. and Gupta, A},
year = {2017},
title = {Developing a Model for the Fantasy Team Composition Problem},
journal = {Project Report, Norwegian University of Science and Technology},
pages = {},
volume = {},
issue = {}
}




</bibtex>